@inproceedings{kendall2014board,
  title={On-board object tracking control of a quadcopter with monocular vision},
  author={Kendall, Alex G and Salvapantula, Nishaad N and Stol, Karl A},
  booktitle={Unmanned Aircraft Systems (ICUAS), 2014 International Conference on},
  pages={404--411},
  year={2014},
  organization={IEEE}
}

@inproceedings{azfar2011simple,
  title={Simple GUI design for monitoring of a remotely operated quadrotor unmanned aerial vehicle (UAV)},
  author={Azfar, A Zul and Hazry, Desa},
  booktitle={Signal Processing and its Applications (CSPA), 2011 IEEE 7th International Colloquium on},
  pages={23--27},
  year={2011},
  organization={IEEE}
}
@inproceedings{proc-disc-2009,
  title = {Unmanned Aerial Vehicle for Video Surveillance using Raspberry Pi},
  booktitle = {International Journal of Innovative Research In Science and, Engineering and Technology, Volume 3, Special Issue 3, March 2014},
  author = {Priyanga M. And Raja Ramanan},
  publisher = {ICIET},
  year = {2014},
  pages = {1--6}
}

@inproceedings{argentim2013pid,
  title={PID, LQR and LQR-PID on a quadcopter platform},
  author={Argentim, Lucas M and Rezende, Willian C and Santos, Paulo E and Aguiar, Renato A},
  booktitle={Informatics, Electronics \& Vision (ICIEV), 2013 International Conference on},
  pages={1--6},
  year={2013},
  organization={IEEE}
}

@inproceedings{stan-disc-2015,
 author={Shawn McCann},
 title={3D Reconstruction from Multiple Images},
 booktitle={Project: Computational Vision \& Geometry Lab, Stanford University, 2015},
 year={2015},
 pages={3--7},
 publisher={Stanford University}
 }
@inproceedings{ijarcce-disc-2015,
 author={K.S. Shilpashree, Lokesha H. and Hadimani Shivkumar},
 title={Implementation of Image Processing on Raspberry Pi},
 booktitle={International Journal of Advanced Research in Computer and Communication Engineering, Vol. 4, Issue 5, May 2015},
 pages = {1--3},
 publisher={IJARCCE},
 year = {2015}
 }

@misc{ wiki:quad,
   author = "Wikipedia",
   title = "Quadcopter --- Wikipedia{,} The Free Encyclopedia",
   year = "2016",
   url = "https://en.wikipedia.org/w/index.php?title=Quadcopter&oldid=714919346",
   note = "[Online; \url{https://en.wikipedia.org/w/index.php?title=Quadcopter&oldid=714919346}; accessed 15-April-2016]"
 }

@misc{ wiki:rpi,
   author = "Wikipedia",
   title = "Raspberry Pi --- Wikipedia{,} The Free Encyclopedia",
   year = "2016",
   url = "https://en.wikipedia.org/w/index.php?title=Raspberry_Pi&oldid=717342422",
   note = "[Online; \url{https://en.wikipedia.org/w/index.php?title=Raspberry_Pi&oldid=717342422}; accessed 15-April-2016]"
 }

 @misc{ wiki:pid,
   author = "Wikipedia",
   title = "PID controller --- Wikipedia{,} The Free Encyclopedia",
   year = "2016",
   url = "https://en.wikipedia.org/w/index.php?title=PID_controller&oldid=716008085",
   note = "[Online; \url{https://en.wikipedia.org/w/index.php?title=PID_controller&oldid=716008085}; accessed 15-April-2016]"
 }

  @misc{ wiki:3d,
   author = "Wikipedia",
   title = "3D reconstruction --- Wikipedia{,} The Free Encyclopedia",
   year = "2016",
   url = "\url{https://en.wikipedia.org/w/index.php?title=3D_reconstruction&oldid=714995129}",
   note = "[Online; \url{https://en.wikipedia.org/w/index.php?title=3D_reconstruction&oldid=714995129}; accessed 15-April-2016]"
 }

 @misc{ wiki:pano,
   author = "Wikipedia",
   title = "Image stitching --- Wikipedia{,} The Free Encyclopedia",
   year = "2015",
   url = "https://en.wikipedia.org/w/index.php?title=Image_stitching&oldid=693727653",
   note = "[Online; \url{https://en.wikipedia.org/w/index.php?title=Image_stitching&oldid=693727653}; accessed 15-April-2016]"
 }