%% This BibTeX bibliography file was created using BibDesk.
%% http://bibdesk.sourceforge.net/


%% Created for Indrajeet Khater at 2015-03-27 23:19:52 +0530 


%% Saved with string encoding Unicode (UTF-8) 



@article{8,
	Author = {Akash S A, Akshay Menon, Arpit Gupta, Md Waheeb Wakeel, Praveen MN and P. Meena},
	Date-Added = {2015-03-27 17:45:32 +0000},
	Date-Modified = {2015-03-27 17:46:27 +0000},
	Journal = {IEEE Global Humanitarian Technology Conference},
	Title = {A novel strategy for controlling the movement of a Smart Wheelchair using Internet of Things},
	Year = {2014},
	Bdsk-File-1 = {YnBsaXN0MDDUAQIDBAUGJCVYJHZlcnNpb25YJG9iamVjdHNZJGFyY2hpdmVyVCR0b3ASAAGGoKgHCBMUFRYaIVUkbnVsbNMJCgsMDxJXTlMua2V5c1pOUy5vYmplY3RzViRjbGFzc6INDoACgAOiEBGABIAFgAdccmVsYXRpdmVQYXRoWWFsaWFzRGF0YV8QL0cxIDJuZCBSZXZpZXcvcHJldmlvdXMvQkFTRSBQQVBFUlMvMDY5Njc1NzUucGRm0hcLGBlXTlMuZGF0YU8RAdwAAAAAAdwAAgAADE1hY2ludG9zaCBIRAAAAAAAAAAAAAAAAAAAAM/UY1hIKwAAAGgZ3gwwNjk2NzU3NS5wZGYAAAAAAAAAAAAAAAAAAAAAAAAAAAAAAAAAAAAAAAAAAAAAAAAAAAAAAAAAAAAAAAAAAAAAaBnq0RlrogAAAAAAAAAAAAEABQAACSAAAAAAAAAAAAAAAAAAAAALQkFTRSBQQVBFUlMAABAACAAAz9QWAAAAABEACAAA0RkeSgAAAAEAGABoGd4AaBnUAGgZswAJNpwACTYfAAJm+QACAGBNYWNpbnRvc2ggSEQ6VXNlcnM6AEluZHJhamVldEtoYXRlcjoARGVza3RvcDoARzEgMm5kIFJldmlldzoAcHJldmlvdXM6AEJBU0UgUEFQRVJTOgAwNjk2NzU3NS5wZGYADgAaAAwAMAA2ADkANgA3ADUANwA1AC4AcABkAGYADwAaAAwATQBhAGMAaQBuAHQAbwBzAGgAIABIAEQAEgBNVXNlcnMvSW5kcmFqZWV0S2hhdGVyL0Rlc2t0b3AvRzEgMm5kIFJldmlldy9wcmV2aW91cy9CQVNFIFBBUEVSUy8wNjk2NzU3NS5wZGYAABMAAS8AABUAAgAW//8AAIAG0hscHR5aJGNsYXNzbmFtZVgkY2xhc3Nlc11OU011dGFibGVEYXRhox0fIFZOU0RhdGFYTlNPYmplY3TSGxwiI1xOU0RpY3Rpb25hcnmiIiBfEA9OU0tleWVkQXJjaGl2ZXLRJidUcm9vdIABAAgAEQAaACMALQAyADcAQABGAE0AVQBgAGcAagBsAG4AcQBzAHUAdwCEAI4AwADFAM0CrQKvArQCvwLIAtYC2gLhAuoC7wL8Av8DEQMUAxkAAAAAAAACAQAAAAAAAAAoAAAAAAAAAAAAAAAAAAADGw==}}

@article{7,
	Author = {Pravk Varaiya},
	Date-Added = {2015-03-27 17:44:20 +0000},
	Date-Modified = {2015-03-27 17:45:30 +0000},
	Journal = {IEEE Trunsaction on Automation Control},
	Number = {No. 2},
	Title = {Smart Cars on Smart Roads: Problems of Control},
	Volume = {Vol. 38},
	Year = {1993}}

@article{6,
	Author = {Jill D. Crisman and Jon A. Webb},
	Date-Added = {2015-03-27 17:42:54 +0000},
	Date-Modified = {2015-03-27 17:44:18 +0000},
	Journal = {IEEE Transactions on Pattern Analysis and Machine Intelligence},
	Number = {No. 5},
	Pages = {451-465},
	Title = {The Warp Machine on Naviab},
	Volume = {Vol. 13},
	Year = {1991}}

@proceedings{5,
	Author = {Patrick Benavidez, Mo Jamshidi and Lutcher Brown Endowed Chair},
	Date-Added = {2015-03-27 17:41:58 +0000},
	Date-Modified = {2015-03-27 17:42:52 +0000},
	Title = {Mobile Robot Navigation and Target Tracking System''},
	Year = {2011},
	Bdsk-File-1 = {YnBsaXN0MDDUAQIDBAUGJCVYJHZlcnNpb25YJG9iamVjdHNZJGFyY2hpdmVyVCR0b3ASAAGGoKgHCBMUFRYaIVUkbnVsbNMJCgsMDxJXTlMua2V5c1pOUy5vYmplY3RzViRjbGFzc6INDoACgAOiEBGABIAFgAdccmVsYXRpdmVQYXRoWWFsaWFzRGF0YV8QL0cxIDJuZCBSZXZpZXcvcHJldmlvdXMvQkFTRSBQQVBFUlMvMDU5NjY2MTQucGRm0hcLGBlXTlMuZGF0YU8RAdwAAAAAAdwAAgAADE1hY2ludG9zaCBIRAAAAAAAAAAAAAAAAAAAAM/UY1hIKwAAAGgZ3gwwNTk2NjYxNC5wZGYAAAAAAAAAAAAAAAAAAAAAAAAAAAAAAAAAAAAAAAAAAAAAAAAAAAAAAAAAAAAAAAAAAAAAaBni0RlroAAAAAAAAAAAAAEABQAACSAAAAAAAAAAAAAAAAAAAAALQkFTRSBQQVBFUlMAABAACAAAz9QWAAAAABEACAAA0RkeSAAAAAEAGABoGd4AaBnUAGgZswAJNpwACTYfAAJm+QACAGBNYWNpbnRvc2ggSEQ6VXNlcnM6AEluZHJhamVldEtoYXRlcjoARGVza3RvcDoARzEgMm5kIFJldmlldzoAcHJldmlvdXM6AEJBU0UgUEFQRVJTOgAwNTk2NjYxNC5wZGYADgAaAAwAMAA1ADkANgA2ADYAMQA0AC4AcABkAGYADwAaAAwATQBhAGMAaQBuAHQAbwBzAGgAIABIAEQAEgBNVXNlcnMvSW5kcmFqZWV0S2hhdGVyL0Rlc2t0b3AvRzEgMm5kIFJldmlldy9wcmV2aW91cy9CQVNFIFBBUEVSUy8wNTk2NjYxNC5wZGYAABMAAS8AABUAAgAW//8AAIAG0hscHR5aJGNsYXNzbmFtZVgkY2xhc3Nlc11OU011dGFibGVEYXRhox0fIFZOU0RhdGFYTlNPYmplY3TSGxwiI1xOU0RpY3Rpb25hcnmiIiBfEA9OU0tleWVkQXJjaGl2ZXLRJidUcm9vdIABAAgAEQAaACMALQAyADcAQABGAE0AVQBgAGcAagBsAG4AcQBzAHUAdwCEAI4AwADFAM0CrQKvArQCvwLIAtYC2gLhAuoC7wL8Av8DEQMUAxkAAAAAAAACAQAAAAAAAAAoAAAAAAAAAAAAAAAAAAADGw==}}

@proceedings{4,
	Author = {K. K. Biswas and Saurav Kumar Basu},
	Date-Added = {2015-03-27 17:40:51 +0000},
	Date-Modified = {2015-03-27 17:41:54 +0000},
	Journal = {Proceedings of the 5th International Conference on Automation, Robotics and Applications},
	Title = {Gesture Recognition using Microsoft Kinect},
	Year = {2011},
	Bdsk-File-1 = {YnBsaXN0MDDUAQIDBAUGJCVYJHZlcnNpb25YJG9iamVjdHNZJGFyY2hpdmVyVCR0b3ASAAGGoKgHCBMUFRYaIVUkbnVsbNMJCgsMDxJXTlMua2V5c1pOUy5vYmplY3RzViRjbGFzc6INDoACgAOiEBGABIAFgAdccmVsYXRpdmVQYXRoWWFsaWFzRGF0YV8QL0cxIDJuZCBSZXZpZXcvcHJldmlvdXMvQkFTRSBQQVBFUlMvMDYxNDQ4NjQucGRm0hcLGBlXTlMuZGF0YU8RAdwAAAAAAdwAAgAADE1hY2ludG9zaCBIRAAAAAAAAAAAAAAAAAAAAM/UY1hIKwAAAGgZ3gwwNjE0NDg2NC5wZGYAAAAAAAAAAAAAAAAAAAAAAAAAAAAAAAAAAAAAAAAAAAAAAAAAAAAAAAAAAAAAAAAAAAAAaBnk0RlrogAAAAAAAAAAAAEABQAACSAAAAAAAAAAAAAAAAAAAAALQkFTRSBQQVBFUlMAABAACAAAz9QWAAAAABEACAAA0RkeSgAAAAEAGABoGd4AaBnUAGgZswAJNpwACTYfAAJm+QACAGBNYWNpbnRvc2ggSEQ6VXNlcnM6AEluZHJhamVldEtoYXRlcjoARGVza3RvcDoARzEgMm5kIFJldmlldzoAcHJldmlvdXM6AEJBU0UgUEFQRVJTOgAwNjE0NDg2NC5wZGYADgAaAAwAMAA2ADEANAA0ADgANgA0AC4AcABkAGYADwAaAAwATQBhAGMAaQBuAHQAbwBzAGgAIABIAEQAEgBNVXNlcnMvSW5kcmFqZWV0S2hhdGVyL0Rlc2t0b3AvRzEgMm5kIFJldmlldy9wcmV2aW91cy9CQVNFIFBBUEVSUy8wNjE0NDg2NC5wZGYAABMAAS8AABUAAgAW//8AAIAG0hscHR5aJGNsYXNzbmFtZVgkY2xhc3Nlc11OU011dGFibGVEYXRhox0fIFZOU0RhdGFYTlNPYmplY3TSGxwiI1xOU0RpY3Rpb25hcnmiIiBfEA9OU0tleWVkQXJjaGl2ZXLRJidUcm9vdIABAAgAEQAaACMALQAyADcAQABGAE0AVQBgAGcAagBsAG4AcQBzAHUAdwCEAI4AwADFAM0CrQKvArQCvwLIAtYC2gLhAuoC7wL8Av8DEQMUAxkAAAAAAAACAQAAAAAAAAAoAAAAAAAAAAAAAAAAAAADGw==}}

@article{3,
	Author = {Viren Pereira, Vandyk Amsdem Fernandes and Junieta Sequeira},
	Date-Added = {2015-03-27 17:39:45 +0000},
	Date-Modified = {2015-03-27 17:40:42 +0000},
	Journal = {IEEE Global Humanitarian Technology Conference - South Asia Satellite (GHTC-SAS)},
	Title = {Low Cost Object Sorting Robotic Arm using Raspberry Pi},
	Year = {2014},
	Bdsk-File-1 = {YnBsaXN0MDDUAQIDBAUGJCVYJHZlcnNpb25YJG9iamVjdHNZJGFyY2hpdmVyVCR0b3ASAAGGoKgHCBMUFRYaIVUkbnVsbNMJCgsMDxJXTlMua2V5c1pOUy5vYmplY3RzViRjbGFzc6INDoACgAOiEBGABIAFgAdccmVsYXRpdmVQYXRoWWFsaWFzRGF0YV8QL0cxIDJuZCBSZXZpZXcvcHJldmlvdXMvQkFTRSBQQVBFUlMvMDY5Njc1NTAucGRm0hcLGBlXTlMuZGF0YU8RAdwAAAAAAdwAAgAADE1hY2ludG9zaCBIRAAAAAAAAAAAAAAAAAAAAM/UY1hIKwAAAGgZ3gwwNjk2NzU1MC5wZGYAAAAAAAAAAAAAAAAAAAAAAAAAAAAAAAAAAAAAAAAAAAAAAAAAAAAAAAAAAAAAAAAAAAAAaBnp0RlrogAAAAAAAAAAAAEABQAACSAAAAAAAAAAAAAAAAAAAAALQkFTRSBQQVBFUlMAABAACAAAz9QWAAAAABEACAAA0RkeSgAAAAEAGABoGd4AaBnUAGgZswAJNpwACTYfAAJm+QACAGBNYWNpbnRvc2ggSEQ6VXNlcnM6AEluZHJhamVldEtoYXRlcjoARGVza3RvcDoARzEgMm5kIFJldmlldzoAcHJldmlvdXM6AEJBU0UgUEFQRVJTOgAwNjk2NzU1MC5wZGYADgAaAAwAMAA2ADkANgA3ADUANQAwAC4AcABkAGYADwAaAAwATQBhAGMAaQBuAHQAbwBzAGgAIABIAEQAEgBNVXNlcnMvSW5kcmFqZWV0S2hhdGVyL0Rlc2t0b3AvRzEgMm5kIFJldmlldy9wcmV2aW91cy9CQVNFIFBBUEVSUy8wNjk2NzU1MC5wZGYAABMAAS8AABUAAgAW//8AAIAG0hscHR5aJGNsYXNzbmFtZVgkY2xhc3Nlc11OU011dGFibGVEYXRhox0fIFZOU0RhdGFYTlNPYmplY3TSGxwiI1xOU0RpY3Rpb25hcnmiIiBfEA9OU0tleWVkQXJjaGl2ZXLRJidUcm9vdIABAAgAEQAaACMALQAyADcAQABGAE0AVQBgAGcAagBsAG4AcQBzAHUAdwCEAI4AwADFAM0CrQKvArQCvwLIAtYC2gLhAuoC7wL8Av8DEQMUAxkAAAAAAAACAQAAAAAAAAAoAAAAAAAAAAAAAAAAAAADGw==}}

@article{2,
	Author = {Silas F. dos Reis Alves, Alvaro J. Uribe-Quevedo, Ivan Nunes da Silva and Humberto Ferasoli Filho},
	Date-Added = {2015-03-27 17:34:21 +0000},
	Date-Modified = {2015-03-27 17:39:36 +0000},
	Journal = {5th IEEE RAS and EMBS International Conference on Biomedical Robotics and Biomechatronics (BioRob)},
	Title = {Pomodoro, a Mobile Robot Platform for Hand Motion Exercising},
	Year = {2014},
	Bdsk-File-1 = {YnBsaXN0MDDUAQIDBAUGJCVYJHZlcnNpb25YJG9iamVjdHNZJGFyY2hpdmVyVCR0b3ASAAGGoKgHCBMUFRYaIVUkbnVsbNMJCgsMDxJXTlMua2V5c1pOUy5vYmplY3RzViRjbGFzc6INDoACgAOiEBGABIAFgAdccmVsYXRpdmVQYXRoWWFsaWFzRGF0YV8QL0cxIDJuZCBSZXZpZXcvcHJldmlvdXMvQkFTRSBQQVBFUlMvMDY5MTM5MDYucGRm0hcLGBlXTlMuZGF0YU8RAdwAAAAAAdwAAgAADE1hY2ludG9zaCBIRAAAAAAAAAAAAAAAAAAAAM/UY1hIKwAAAGgZ3gwwNjkxMzkwNi5wZGYAAAAAAAAAAAAAAAAAAAAAAAAAAAAAAAAAAAAAAAAAAAAAAAAAAAAAAAAAAAAAAAAAAAAAaBno0RlrogAAAAAAAAAAAAEABQAACSAAAAAAAAAAAAAAAAAAAAALQkFTRSBQQVBFUlMAABAACAAAz9QWAAAAABEACAAA0RkeSgAAAAEAGABoGd4AaBnUAGgZswAJNpwACTYfAAJm+QACAGBNYWNpbnRvc2ggSEQ6VXNlcnM6AEluZHJhamVldEtoYXRlcjoARGVza3RvcDoARzEgMm5kIFJldmlldzoAcHJldmlvdXM6AEJBU0UgUEFQRVJTOgAwNjkxMzkwNi5wZGYADgAaAAwAMAA2ADkAMQAzADkAMAA2AC4AcABkAGYADwAaAAwATQBhAGMAaQBuAHQAbwBzAGgAIABIAEQAEgBNVXNlcnMvSW5kcmFqZWV0S2hhdGVyL0Rlc2t0b3AvRzEgMm5kIFJldmlldy9wcmV2aW91cy9CQVNFIFBBUEVSUy8wNjkxMzkwNi5wZGYAABMAAS8AABUAAgAW//8AAIAG0hscHR5aJGNsYXNzbmFtZVgkY2xhc3Nlc11OU011dGFibGVEYXRhox0fIFZOU0RhdGFYTlNPYmplY3TSGxwiI1xOU0RpY3Rpb25hcnmiIiBfEA9OU0tleWVkQXJjaGl2ZXLRJidUcm9vdIABAAgAEQAaACMALQAyADcAQABGAE0AVQBgAGcAagBsAG4AcQBzAHUAdwCEAI4AwADFAM0CrQKvArQCvwLIAtYC2gLhAuoC7wL8Av8DEQMUAxkAAAAAAAACAQAAAAAAAAAoAAAAAAAAAAAAAAAAAAADGw==}}

@article{1,
	Author = {Kun Qian, Jie Niu and Hong Yang},
	Date-Added = {2015-03-27 17:29:43 +0000},
	Date-Modified = {2015-03-27 17:32:44 +0000},
	Journal = {International Journal of Smart Home  },
	Month = {July},
	Number = {No. 4},
	Title = {Developing a Gesture Based Remote Human-Robot Interaction System Using Kinect},
	Volume = {Vol. 7},
	Year = {2013},
	Bdsk-File-1 = {YnBsaXN0MDDUAQIDBAUGJCVYJHZlcnNpb25YJG9iamVjdHNZJGFyY2hpdmVyVCR0b3ASAAGGoKgHCBMUFRYaIVUkbnVsbNMJCgsMDxJXTlMua2V5c1pOUy5vYmplY3RzViRjbGFzc6INDoACgAOiEBGABIAFgAdccmVsYXRpdmVQYXRoWWFsaWFzRGF0YV8QKUcxIDJuZCBSZXZpZXcvcHJldmlvdXMvQkFTRSBQQVBFUlMvMjEucGRm0hcLGBlXTlMuZGF0YU8RAcQAAAAAAcQAAgAADE1hY2ludG9zaCBIRAAAAAAAAAAAAAAAAAAAAM/UY1hIKwAAAGgZ3gYyMS5wZGYAAAAAAAAAAAAAAAAAAAAAAAAAAAAAAAAAAAAAAAAAAAAAAAAAAAAAAAAAAAAAAAAAAAAAAAAAAAAAaBns0RlrogAAAAAAAAAAAAEABQAACSAAAAAAAAAAAAAAAAAAAAALQkFTRSBQQVBFUlMAABAACAAAz9QWAAAAABEACAAA0RkeSgAAAAEAGABoGd4AaBnUAGgZswAJNpwACTYfAAJm+QACAFpNYWNpbnRvc2ggSEQ6VXNlcnM6AEluZHJhamVldEtoYXRlcjoARGVza3RvcDoARzEgMm5kIFJldmlldzoAcHJldmlvdXM6AEJBU0UgUEFQRVJTOgAyMS5wZGYADgAOAAYAMgAxAC4AcABkAGYADwAaAAwATQBhAGMAaQBuAHQAbwBzAGgAIABIAEQAEgBHVXNlcnMvSW5kcmFqZWV0S2hhdGVyL0Rlc2t0b3AvRzEgMm5kIFJldmlldy9wcmV2aW91cy9CQVNFIFBBUEVSUy8yMS5wZGYAABMAAS8AABUAAgAW//8AAIAG0hscHR5aJGNsYXNzbmFtZVgkY2xhc3Nlc11OU011dGFibGVEYXRhox0fIFZOU0RhdGFYTlNPYmplY3TSGxwiI1xOU0RpY3Rpb25hcnmiIiBfEA9OU0tleWVkQXJjaGl2ZXLRJidUcm9vdIABAAgAEQAaACMALQAyADcAQABGAE0AVQBgAGcAagBsAG4AcQBzAHUAdwCEAI4AugC/AMcCjwKRApYCoQKqArgCvALDAswC0QLeAuEC8wL2AvsAAAAAAAACAQAAAAAAAAAoAAAAAAAAAAAAAAAAAAAC/Q==}}
